<?xml version="1.0" encoding="UTF-8"?><collection xmlns="http://www.loc.gov/MARC21/slim"><record><leader>00330nam--2200133-i-4500</leader><controlfield tag="001">000013839</controlfield><controlfield tag="002">20161230</controlfield><controlfield tag="005">20161230201030</controlfield><controlfield tag="008">060222s1000------------r-----000-0-eng-d</controlfield><datafield ind1=" " ind2=" " tag="080"><subfield code="a">551.5</subfield></datafield><datafield ind1=" " ind2=" " tag="100"><subfield code="a">Angot, Alfred</subfield></datafield><datafield ind1=" " ind2=" " tag="245"><subfield code="a">Traite elementaire de meteorologie</subfield></datafield><datafield ind1=" " ind2=" " tag="260"><subfield code="a">Paris, Gautier-villars, 1899 Vi + 417 P</subfield></datafield><datafield ind1=" " ind2=" " tag="852"><subfield code="a">47939</subfield></datafield></record></collection>